<record><leader>00000cas a22000007a 4500</leader><controlfield tag="001">17969777</controlfield><controlfield tag="008">880518c19849999txuwr ne      0    0eng d</controlfield><datafield ind1=" " ind2=" " tag="010"><subfield code="a">sn 88083532 </subfield></datafield><datafield ind1=" " ind2=" " tag="040"><subfield code="a">PPM</subfield><subfield code="b">eng</subfield><subfield code="c">PPM</subfield><subfield code="d">OCLCQ</subfield></datafield><datafield ind1=" " ind2=" " tag="042"><subfield code="a">msc</subfield></datafield><datafield ind1="0" ind2="0" tag="245"><subfield code="a">Hill country recorder.</subfield></datafield><datafield ind1=" " ind2=" " tag="260"><subfield code="a">Boerne, Tex. :</subfield><subfield code="b">Hill Country Recorder, Inc.,</subfield><subfield code="c">1984-</subfield></datafield><datafield ind1=" " ind2=" " tag="310"><subfield code="a">Weekly</subfield></datafield><datafield ind1="0" ind2=" " tag="362"><subfield code="a">Vol. 1, no. 1 (Feb. 1, 1984)-</subfield></datafield><datafield ind1=" " ind2=" " tag="752"><subfield code="a">United States</subfield><subfield code="b">Texas</subfield><subfield code="c">Kendall</subfield><subfield code="d">Boerne.</subfield></datafield></record>